<record><leader>00000cas a22000007a 4500</leader><controlfield tag="001">24242104</controlfield><controlfield tag="008">910816d19uu1986mauwr ne      0    0eng d</controlfield><datafield ind1=" " ind2=" " tag="010"><subfield code="a">sn 91063187 </subfield></datafield><datafield ind1=" " ind2=" " tag="040"><subfield code="a">NVH</subfield><subfield code="b">eng</subfield><subfield code="c">NVH</subfield><subfield code="d">OCLCQ</subfield></datafield><datafield ind1=" " ind2=" " tag="042"><subfield code="a">msc</subfield></datafield><datafield ind1="0" ind2=" " tag="130"><subfield code="a">State line news (Winchendon, Mass.)</subfield></datafield><datafield ind1="1" ind2="4" tag="245"><subfield code="a">The State line news.</subfield></datafield><datafield ind1=" " ind2=" " tag="260"><subfield code="a">Winchendon, Mass. :</subfield><subfield code="b">Winchendon Courier-News Corp.</subfield></datafield><datafield ind1=" " ind2=" " tag="300"><subfield code="a">v.</subfield></datafield><datafield ind1=" " ind2=" " tag="310"><subfield code="a">Weekly</subfield></datafield><datafield ind1="0" ind2=" " tag="362"><subfield code="a">-v. 40, no. 26 (Jan. 15, 1986).</subfield></datafield><datafield ind1=" " ind2=" " tag="588"><subfield code="a">Description based on: Vol. 39, no. 44 (May 22, 1985).</subfield></datafield><datafield ind1=" " ind2=" " tag="752"><subfield code="a">United States</subfield><subfield code="b">Massachusetts</subfield><subfield code="c">Worcester</subfield><subfield code="d">Winchendon.</subfield></datafield><datafield ind1="0" ind2="0" tag="785"><subfield code="t">Jaffrey-Rindge chronicle</subfield><subfield code="w">(DLC)sn 87000547</subfield></datafield><datafield ind1="1" ind2=" " tag="029"><subfield code="a">AU@</subfield><subfield code="b">000025899311</subfield></datafield></record>